<?xml version="1.0" encoding="UTF-8"?><record xmlns="http://www.loc.gov/MARC21/slim" xmlns:cinclude="http://apache.org/cocoon/include/1.0" xmlns:zs="http://www.loc.gov/zing/srw/">
  <leader>00658cz  a2200169n  4500</leader>
  <controlfield tag="001">no 96044711 </controlfield>
  <controlfield tag="003">DLC</controlfield>
  <controlfield tag="005">20001111070659.0</controlfield>
  <controlfield tag="008">960905n| acannaabn          |a aaa     c</controlfield>
  <datafield tag="010" ind1=" " ind2=" ">
    <subfield code="a">no 96044711 </subfield>
  </datafield>
  <datafield tag="035" ind1=" " ind2=" ">
    <subfield code="a">(OCoLC)oca04154929</subfield>
  </datafield>
  <datafield tag="040" ind1=" " ind2=" ">
    <subfield code="a">TxU</subfield>
    <subfield code="b">eng</subfield>
    <subfield code="c">TxU</subfield>
    <subfield code="d">OCoLC</subfield>
  </datafield>
  <datafield tag="100" ind1="1" ind2=" ">
    <subfield code="a">Oliveira, Liliane Lúcia Nunes de Aranha</subfield>
  </datafield>
  <datafield tag="400" ind1="1" ind2=" ">
    <subfield code="a">Nunes de Aranha Oliveira, Liliane Lúcia</subfield>
  </datafield>
  <datafield tag="400" ind1="1" ind2=" ">
    <subfield code="a">De Aranha Oliveira, Liliane Lúcia Nunes</subfield>
  </datafield>
  <datafield tag="400" ind1="1" ind2=" ">
    <subfield code="a">Aranha Oliveira, Liliane Lúcia Nunes de</subfield>
  </datafield>
  <datafield tag="670" ind1=" " ind2=" ">
    <subfield code="a">Cidadania e direitos humanos, 1995:</subfield>
    <subfield code="b">t.p. (Liliane Lúcia Nunes de Aranha Oliveira; da Procuraduria Geral da União, órgão da Advocacia Geral da União)</subfield>
  </datafield>
</record>